@Book{Script,
	author    = {{Davide Bagnara}},
	date      = {2021-05-05},
	title     = {{Advanced control engineering 2 - Part 3}},
	publisher = {Management Center Innsbruck},
}

@Article{PaperSchiestl,
  author      = {{{Martin Schiestl}, {Andreas Lösch}, {Maurizio Incurvati}, {Ronald Stärz}}},
  journal     = {PCIM Europe digital days 2020},
  title       = {Accurate Losses Multipoint Non Adiabatic Calorimetric Measurement Technique for WBG Power Converters},
  year        = {2020},
  institution = {{Management Center Innsbruck MCI}, {Alpitronic}},
}

@Comment{jabref-meta: databaseType:bibtex;}
